<?xml version="1.0" encoding="UTF-8"?><collection xmlns="http://www.loc.gov/MARC21/slim"><record><leader>00495nam--2200157-i-4500</leader><controlfield tag="001">000043975</controlfield><controlfield tag="002">20161230</controlfield><controlfield tag="005">20161230201044</controlfield><controlfield tag="008">060222s1000------------r-----000-0-eng-d</controlfield><datafield ind1="1" ind2=" " tag="100"><subfield code="a">Marek,Ivo s.a</subfield></datafield><datafield ind1="1" ind2="0" tag="245"><subfield code="a">Teubner-texte zur mathematik: band 60: matrix analysis for applied sciences</subfield></datafield><datafield ind1=" " ind2=" " tag="260"><subfield code="a">Leipzig, Teubner Verlagsgellschaft, 1983</subfield></datafield><datafield ind1=" " ind2=" " tag="490"><subfield code="a">Teubner-Texte zur Mathemattik</subfield><subfield code="v">Band 60-vol.1</subfield></datafield><datafield ind1=" " ind2=" " tag="700"><subfield code="a">Marek,Ivo.,Zitny,Karel</subfield></datafield><datafield ind1=" " ind2=" " tag="852"><subfield code="a">70329</subfield><subfield code="c">517.9</subfield></datafield><datafield ind1=" " ind2=" " tag="CAT"><subfield code="a">Sys</subfield><subfield code="c">20090407</subfield><subfield code="h">081252</subfield></datafield></record></collection>